@ARTICLE{Sisto:2014,
  author = {Sisto, M.},
  title = {Cahier des charges v4},
  year = {2014},
  publisher = {none}
}
