@ARTICLE{Sisto:2014,
  author = {Sisto, M.},
  title = {Cahier des charges v4},
  year = {2014},
  publisher = {none}
},
@Article{Sisto:2015,
  author = {Sisto, M.},
  title = {Rapport final},
  year = {2015},
  publisher = {none}
}
